<record><leader>00000cas a22000007a 4500</leader><controlfield tag="001">10009733</controlfield><controlfield tag="008">831013d18301859nyuwr ne      0    0eng d</controlfield><datafield ind1=" " ind2=" " tag="010"><subfield code="a">sn 83031248 </subfield></datafield><datafield ind1=" " ind2=" " tag="040"><subfield code="a">NPU</subfield><subfield code="b">eng</subfield><subfield code="c">NPU</subfield><subfield code="d">NPV</subfield><subfield code="d">NPX</subfield><subfield code="d">NYS</subfield><subfield code="d">YOX</subfield><subfield code="d">NYS</subfield><subfield code="d">OCL</subfield><subfield code="d">OCLCQ</subfield><subfield code="d">KRTAS</subfield><subfield code="d">WIH</subfield><subfield code="d">OCLCQ</subfield><subfield code="d">OCLCF</subfield><subfield code="d">AQM</subfield></datafield><datafield ind1="1" ind2=" " tag="029"><subfield code="a">AU@</subfield><subfield code="b">000020127412</subfield></datafield><datafield ind1=" " ind2=" " tag="042"><subfield code="a">msc</subfield></datafield><datafield ind1=" " ind2=" " tag="043"><subfield code="a">n-us-ny</subfield></datafield><datafield ind1="0" ind2="0" tag="245"><subfield code="a">Lewis County Republican.</subfield></datafield><datafield ind1="3" ind2="0" tag="246"><subfield code="a">Lewis Republican</subfield></datafield><datafield ind1="1" ind2="3" tag="246"><subfield code="a">Republican</subfield></datafield><datafield ind1=" " ind2=" " tag="260"><subfield code="a">Martinsburgh, N.Y. :</subfield><subfield code="b">J. Wheeler,</subfield><subfield code="c">-1859.</subfield></datafield><datafield ind1=" " ind2=" " tag="300"><subfield code="a">v. ;</subfield><subfield code="c">49-56 cm.</subfield></datafield><datafield ind1=" " ind2=" " tag="310"><subfield code="a">Weekly</subfield></datafield><datafield ind1="1" ind2=" " tag="362"><subfield code="a">Began with May 18, 1830 issue</subfield><subfield code="z">Cf. Hough, F.B. Hist. of Lewis Co., N.Y., 1883.</subfield></datafield><datafield ind1="0" ind2=" " tag="362"><subfield code="a">-Dec. 28, 1859.</subfield></datafield><datafield ind1=" " ind2=" " tag="500"><subfield code="a">Published as: Lewis Republican, &lt;Apr. 26, 1836&gt;.</subfield></datafield><datafield ind1=" " ind2=" " tag="500"><subfield code="a">Published at Martinsburgh, N.Y., 1830-1845; at Lowville, N.Y., 1845-1852; at Martinsburgh, N.Y., 1852-1859.</subfield></datafield><datafield ind1=" " ind2=" " tag="500"><subfield code="a">Publishers: J. Wheeler, &lt;1831&gt;; Daniel S. Bailey, &lt;1837-1859&gt;.</subfield></datafield><datafield ind1=" " ind2=" " tag="500"><subfield code="a">"Democratic," &lt;1844&gt;.</subfield></datafield><datafield ind1=" " ind2=" " tag="515"><subfield code="a">Issues for &lt;June 27, 1837-Dec. 8, 1847&gt; numbered: &lt;Vol. 1, no. 41-v. 12, no. 12 = whole no. 584&gt;.</subfield></datafield><datafield ind1=" " ind2=" " tag="588"><subfield code="a">Description based on: Vol. 2, no. 73 (Oct. 5, 1831).</subfield></datafield><datafield ind1=" " ind2="0" tag="651"><subfield code="a">Martinsburg (N.Y.)</subfield><subfield code="v">Newspapers.</subfield></datafield><datafield ind1=" " ind2="0" tag="651"><subfield code="a">Lowville (N.Y.)</subfield><subfield code="v">Newspapers.</subfield></datafield><datafield ind1=" " ind2="0" tag="651"><subfield code="a">Lewis County (N.Y.)</subfield><subfield code="v">Newspapers.</subfield></datafield><datafield ind1=" " ind2="7" tag="651"><subfield code="a">New York (State)</subfield><subfield code="z">Lewis County.</subfield><subfield code="2">fast</subfield><subfield code="0">(OCoLC)fst01219434</subfield></datafield><datafield ind1=" " ind2="7" tag="651"><subfield code="a">New York (State)</subfield><subfield code="z">Lowville.</subfield><subfield code="2">fast</subfield><subfield code="0">(OCoLC)fst01220447</subfield></datafield><datafield ind1=" " ind2="7" tag="651"><subfield code="a">New York (State)</subfield><subfield code="z">Martinsburg.</subfield><subfield code="2">fast</subfield><subfield code="0">(OCoLC)fst01272361</subfield></datafield><datafield ind1=" " ind2="7" tag="655"><subfield code="a">Newspapers.</subfield><subfield code="2">fast</subfield><subfield code="0">(OCoLC)fst01423814</subfield></datafield><datafield ind1=" " ind2="7" tag="655"><subfield code="a">Newspapers.</subfield><subfield code="2">rbgenr</subfield></datafield><datafield ind1=" " ind2=" " tag="752"><subfield code="a">United States</subfield><subfield code="b">New York</subfield><subfield code="c">Lewis</subfield><subfield code="d">Martinsburg.</subfield></datafield><datafield ind1=" " ind2=" " tag="752"><subfield code="a">United States</subfield><subfield code="b">New York</subfield><subfield code="c">Lewis</subfield><subfield code="d">Lowville.</subfield></datafield><datafield ind1="0" ind2="7" tag="785"><subfield code="t">Northern journal (Lowville, N.Y.)</subfield><subfield code="w">(DLC)sn 84024296</subfield><subfield code="w">(OCoLC)11092856</subfield></datafield><datafield ind1="0" ind2="7" tag="785"><subfield code="t">Journal and Republican (Lowville, N.Y. : 1860)</subfield><subfield code="w">(DLC)sn 83031789</subfield><subfield code="w">(OCoLC)9972200</subfield></datafield><datafield ind1=" " ind2=" " tag="938"><subfield code="a">Kirtas Technologies, Inc.</subfield><subfield code="b">KRTS</subfield><subfield code="n">737563</subfield></datafield></record>